@article{turing,
	author = {Alan M. Turing},
	title = {Computing Machinery and Intelligence},
	journal = {Mind},
	volume = {49},
	pages = {433--460},
	year = {1950}
}

@article{goto,
	author = {Edsger W. Dijkstra},
	title = {Go To Statement Considered Harmful},
	journal = {Communications of the ACM},
	volume = {11},
	number = {3},
	pages = {147--148},
	year = {1968}
}

@inproceedings{kocsis,
	author = {Kocsis, Levente and Szepesv\'{a}ri, Csaba},
	booktitle = {proceedings of European Conference on Machine Learning},
	pages = {282--293},
	title = {Bandit based {Monte-Carlo} Planning},
	year = {2006}
}

@article{rsa,
	author = {Rivest, R. L. and Shamir, A. and Adleman, L.},
	title = {A Method for Obtaining Digital Signatures and Public-key Cryptosystems},
	journal = {Communications of the ACM},
	volume = {21},
	number = {2},
	year = {1978},
	pages = {120--126}
}

@article{phong,
	author = {Bui Tuong Phong},
	title = {Ilumination for Computer Generated Pictures},
	journal = {Communications of the ACM},
	volume = {18},
	number = {6},
	year = {1975},
	pages = {311--317}
}

